@article{wen2022federated,
  title={Federated dropout—a simple approach for enabling federated learning on resource constrained devices},
  author={Wen, Dingzhu and Jeon, Ki-Jun and Huang, Kaibin},
  journal={IEEE wireless communications letters},
  volume={11},
  number={5},
  pages={923--927},
  year={2022},
  publisher={IEEE}
}

@article{TANG2024269,
    title = {Reliable federated learning based on dual-reputation reverse auction mechanism in Internet of Things},
    journal = {Future Generation Computer Systems},
    volume = {156},
    pages = {269-284},
    year = {2024},
    issn = {0167-739X},
    doi = {https://doi.org/10.1016/j.future.2024.03.019},
    url = {https://www.sciencedirect.com/science/article/pii/S0167739X2400089X},
    author = {Yuncan Tang and Yongquan Liang and Yang Liu and Jinquan Zhang and Lina Ni and Liang Qi}
}

@ARTICLE{10472332,
  author={Ahn, Jin-Hyun and Kim, Ga-Yeon and Kim, Dong Ho and You, Cheolwoo},
  journal={IEEE Internet of Things Journal}, 
  title={Model Compression by Count-Sketch for Over-the-Air Stateless Federated Learning}, 
  year={2024},
  volume={},
  number={},
  pages={1-1},
  keywords={Atmospheric modeling;Federated learning;Computational modeling;Bandwidth;Convergence;Data models;Internet of Things;Federated learning;Over-the-Air computation;Count-sketch;Stateless federated learning},
  doi={10.1109/JIOT.2024.3376771}}

@Article{info13050263,
    AUTHOR = {Ogundokun, Roseline Oluwaseun and Misra, Sanjay and Maskeliunas, Rytis and Damasevicius, Robertas},
    TITLE = {A Review on Federated Learning and Machine Learning Approaches: Categorization, Application Areas, and Blockchain Technology},
    JOURNAL = {Information},
    VOLUME = {13},
    YEAR = {2022},
    NUMBER = {5},
    ARTICLE-NUMBER = {263},
    URL = {https://www.mdpi.com/2078-2489/13/5/263},
    ISSN = {2078-2489}
}

@article{DBLP:journals/corr/McMahanMRA16,
  author       = {H. Brendan McMahan and
                  Eider Moore and
                  Daniel Ramage and
                  Blaise Ag{\"{u}}era y Arcas},
  title        = {Federated Learning of Deep Networks using Model Averaging},
  journal      = {CoRR},
  volume       = {abs/1602.05629},
  year         = {2016},
  url          = {http://arxiv.org/abs/1602.05629},
}

@article{DBLP:journals/corr/abs-1710-06963,
  author       = {H. Brendan McMahan and
                  Daniel Ramage and
                  Kunal Talwar and
                  Li Zhang},
  title        = {Learning Differentially Private Language Models Without Losing Accuracy},
  journal      = {CoRR},
  volume       = {abs/1710.06963},
  year         = {2017},
  url          = {http://arxiv.org/abs/1710.06963}
}

@article{DBLP:journals/corr/KonecnyMYRSB16,
  author       = {Jakub Kone{\v{c}}n{\'y} and
                  H. Brendan McMahan and
                  Felix X. Yu and
                  Peter Richt{\'{a}}rik and
                  Ananda Theertha Suresh and
                  Dave Bacon},
  title        = {Federated Learning: Strategies for Improving Communication Efficiency},
  journal      = {CoRR},
  volume       = {abs/1610.05492},
  year         = {2016},
  url          = {http://arxiv.org/abs/1610.05492}
}

@article{DBLP:journals/corr/SmithCST17,
  author       = {Virginia Smith and
                  Chao{-}Kai Chiang and
                  Maziar Sanjabi and
                  Ameet Talwalkar},
  title        = {Federated Multi-Task Learning},
  journal      = {CoRR},
  volume       = {abs/1705.10467},
  year         = {2017},
  url          = {http://arxiv.org/abs/1705.10467}
}

@inproceedings{DBLP:conf/uss/StevensSVRCN22,
  author       = {Timothy Stevens and
                  Christian Skalka and
                  Christelle Vincent and
                  John Ring and
                  Samuel Clark and
                  Joseph P. Near},
  editor       = {Kevin R. B. Butler and
                  Kurt Thomas},
  title        = {Efficient Differentially Private Secure Aggregation for Federated
                  Learning via Hardness of Learning with Errors},
  booktitle    = {31st {USENIX} Security Symposium, {USENIX} Security 2022, Boston,
                  MA, USA, August 10-12, 2022},
  pages        = {1379--1395},
  publisher    = {{USENIX} Association},
  year         = {2022},
  url          = {https://www.usenix.org/conference/usenixsecurity22/presentation/stevens}
}

@article{Li_2020,
   title={Federated Learning: Challenges, Methods, and Future Directions},
   volume={37},
   ISSN={1558-0792},
   url={http://dx.doi.org/10.1109/MSP.2020.2975749},
   DOI={10.1109/msp.2020.2975749},
   number={3},
   journal={IEEE Signal Processing Magazine},
   publisher={Institute of Electrical and Electronics Engineers (IEEE)},
   author={Li, Tian and Sahu, Anit Kumar and Talwalkar, Ameet and Smith, Virginia},
   year={2020},
   month=may, pages={50–60} 
}

@book{team2020eu,
  title={Eu general data protection regulation (gdpr)--an implementation and compliance guide},
  author={Team, IT Governance Privacy},
  year={2020},
  publisher={IT Governance Ltd}
}

@article{caldas2018expanding,
  title={Expanding the reach of federated learning by reducing client resource requirements},
  author={Caldas, Sebastian and Kone{\v{c}}ny, Jakub and McMahan, H Brendan and Talwalkar, Ameet},
  journal={arXiv preprint arXiv:1812.07210},
  year={2018}
}

@article{10.1093/comjnl/bxac118,
    author = {Zeng, Yan and Mu, Yuankai and Yuan, Junfeng and Teng, Siyuan and Zhang, Jilin and Wan, Jian and Ren, Yongjian and Zhang, Yunquan},
    title = "{Adaptive Federated Learning With Non-IID Data}",
    journal = {The Computer Journal},
    volume = {66},
    number = {11},
    pages = {2758-2772},
    year = {2022},
    month = {09},
    issn = {0010-4620},
    doi = {10.1093/comjnl/bxac118},
    url = {https://doi.org/10.1093/comjnl/bxac118}
}

@Article{ijerph20156539,
    AUTHOR = {Gu, Xin and Sabrina, Fariza and Fan, Zongwen and Sohail, Shaleeza},
    TITLE = {A Review of Privacy Enhancement Methods for Federated Learning in Healthcare Systems},
    JOURNAL = {International Journal of Environmental Research and Public Health},
    VOLUME = {20},
    YEAR = {2023},
    NUMBER = {15},
    ARTICLE-NUMBER = {6539},
    URL = {https://www.mdpi.com/1660-4601/20/15/6539},
    PubMedID = {37569079},
    ISSN = {1660-4601},
    DOI = {10.3390/ijerph20156539}
}

@article{10.1093/comjnl/bxab184,
    author = {Li, Kaiju and Xiao, Chunhua},
    title = "{PBFL: Communication-Efficient Federated Learning via Parameter Predicting}",
    journal = {The Computer Journal},
    volume = {66},
    number = {3},
    pages = {626-642},
    year = {2021},
    month = {11},
    issn = {0010-4620},
    doi = {10.1093/comjnl/bxab184},
    url = {https://doi.org/10.1093/comjnl/bxab184}
}

@ARTICLE{10084364,
  author={Li, Kaiju and Xiao, Chunhua},
  journal={The Computer Journal}, 
  title={PBFL: Communication-Efficient Federated Learning via Parameter Predicting}, 
  year={2021},
  volume={66},
  number={3},
  pages={626-642},
  doi={10.1093/comjnl/bxab184}}

@Article{computers12030060,
    AUTHOR = {Li, Zhuo and Li, Hengyi and Meng, Lin},
    TITLE = {Model Compression for Deep Neural Networks: A Survey},
    JOURNAL = {Computers},
    VOLUME = {12},
    YEAR = {2023},
    NUMBER = {3},
    ARTICLE-NUMBER = {60},
    URL = {https://www.mdpi.com/2073-431X/12/3/60},
    ISSN = {2073-431X},
    DOI = {10.3390/computers12030060}
}

## Main Idea Paper
@article{Konecn2016FederatedLS,
  title={Federated Learning: Strategies for Improving Communication Efficiency},
  author={Jakub Konecn{\'y} and H. B. McMahan and Felix X. Yu and Peter Richt{\'a}rik and Ananda Theertha Suresh and Dave Bacon},
  journal={ArXiv},
  year={2016},
  volume={abs/1610.05492},
  url={https://api.semanticscholar.org/CorpusID:14999259}
}

@inproceedings{shen2021agnostic,
  title={An agnostic approach to federated learning with class imbalance},
  author={Shen, Zebang and Cervino, Juan and Hassani, Hamed and Ribeiro, Alejandro},
  booktitle={International Conference on Learning Representations},
  year={2021}
}

@article{srivastava2014dropout,
  title={Dropout: a simple way to prevent neural networks from overfitting},
  author={Srivastava, Nitish and Hinton, Geoffrey and Krizhevsky, Alex and Sutskever, Ilya and Salakhutdinov, Ruslan},
  journal={The journal of machine learning research},
  volume={15},
  number={1},
  pages={1929--1958},
  year={2014},
  publisher={JMLR. org}
}

@inproceedings{jacob2018quantization,
  title={Quantization and training of neural networks for efficient integer-arithmetic-only inference},
  author={Jacob, Benoit and Kligys, Skirmantas and Chen, Bo and Zhu, Menglong and Tang, Matthew and Howard, Andrew and Adam, Hartwig and Kalenichenko, Dmitry},
  booktitle={Proceedings of the IEEE conference on computer vision and pattern recognition},
  pages={2704--2713},
  year={2018}
}

@article{Hinton2015DistillingTK,
  title={Distilling the Knowledge in a Neural Network},
  author={Geoffrey E. Hinton and Oriol Vinyals and Jeffrey Dean},
  journal={ArXiv},
  year={2015},
  volume={abs/1503.02531},
  url={https://api.semanticscholar.org/CorpusID:7200347}
}

@article{lin2017clustering,
  title={Clustering-based undersampling in class-imbalanced data},
  author={Lin, Wei-Chao and Tsai, Chih-Fong and Hu, Ya-Han and Jhang, Jing-Shang},
  journal={Information Sciences},
  volume={409},
  pages={17--26},
  year={2017},
  publisher={Elsevier}
}

@article{Oh2021FedBABUTE,
  title={FedBABU: Towards Enhanced Representation for Federated Image Classification},
  author={Jaehoon Oh and Sangmook Kim and Se-Young Yun},
  journal={ArXiv},
  year={2021},
  volume={abs/2106.06042},
  url={https://api.semanticscholar.org/CorpusID:235417313}
}

@inproceedings{inproceedings,
author = {Cui, Yin and Jia, Menglin and Lin, Tsung-Yi and Song, Yang and Belongie, Serge},
year = {2019},
month = {06},
pages = {9260-9269},
title = {Class-Balanced Loss Based on Effective Number of Samples},
doi = {10.1109/CVPR.2019.00949}
}

@article{Pan2010ASO,
  title={A Survey on Transfer Learning},
  author={Sinno Jialin Pan and Qiang Yang},
  journal={IEEE Transactions on Knowledge and Data Engineering},
  year={2010},
  volume={22},
  pages={1345-1359},
  url={https://api.semanticscholar.org/CorpusID:740063}
}

# Smote
@article{Sakho2024TheoreticalAE,
  title={Theoretical and experimental study of SMOTE: limitations and comparisons of rebalancing strategies},
  author={Abdoulaye Sakho and Erwan Scornet and Emmanuel Malherbe},
  journal={ArXiv},
  year={2024},
  volume={abs/2402.03819},
  url={https://api.semanticscholar.org/CorpusID:267499706}
}

@article{DBLP:journals/corr/abs-2111-04263,
  author       = {Durmus Alp Emre Acar and
                  Yue Zhao and
                  Ramon Matas Navarro and
                  Matthew Mattina and
                  Paul N. Whatmough and
                  Venkatesh Saligrama},
  title        = {Federated Learning Based on Dynamic Regularization},
  journal      = {CoRR},
  volume       = {abs/2111.04263},
  year         = {2021},
  url          = {https://arxiv.org/abs/2111.04263},
  eprinttype    = {arXiv},
  eprint       = {2111.04263},
}

@article{Singh2020AnomalyDU,
  title={Anomaly Detection Using Federated Learning},
  author={Shubham Kumar Singh and Shantanu H. Bhardwaj and Hemlatha Pandey and Gunjan Beniwal},
  journal={Proceedings of International Conference on Artificial Intelligence and Applications},
  year={2020},
  url={https://api.semanticscholar.org/CorpusID:224850507}
}

@unknown{MBB,
    author = {Bakhtiari, Mohammad and Nasirigerdeh, Reza and Torkzadehmahani, Reihaneh and Bayat, Amirhossein and Blumenthal, David and List, Markus and Baumbach, Jan},
    year = {2020},
    month = {11},
    pages = {},
    title = {Federated Multi-Mini-Batch: An Efficient Training Approach to Federated Learning in Non-IID Environments}
}

@book{thiruvathukal2022low,
  title={Low-power computer vision: improve the efficiency of artificial intelligence},
  author={Thiruvathukal, George K and Lu, Yung-Hsiang and Kim, Jaeyoun and Chen, Yiran and Chen, Bo},
  year={2022},
  publisher={CRC Press}
}

@article{hospedales2021meta,
  title={Meta-learning in neural networks: A survey},
  author={Hospedales, Timothy and Antoniou, Antreas and Micaelli, Paul and Storkey, Amos},
  journal={IEEE transactions on pattern analysis and machine intelligence},
  volume={44},
  number={9},
  pages={5149--5169},
  year={2021},
  publisher={IEEE}
}

@article{huisman2021survey,
  title={A survey of deep meta-learning},
  author={Huisman, Mike and Van Rijn, Jan N and Plaat, Aske},
  journal={Artificial Intelligence Review},
  volume={54},
  number={6},
  pages={4483--4541},
  year={2021},
  publisher={Springer}
}

@article{mills2021multi,
  title={Multi-task federated learning for personalised deep neural networks in edge computing},
  author={Mills, Jed and Hu, Jia and Min, Geyong},
  journal={IEEE Transactions on Parallel and Distributed Systems},
  volume={33},
  number={3},
  pages={630--641},
  year={2021},
  publisher={IEEE}
}

@article{mo2022feddq,
  title={FedDQ: A communication-efficient federated learning approach for Internet of Vehicles},
  author={Mo, Zijia and Gao, Zhipeng and Zhao, Chen and Lin, Yijing},
  journal={Journal of Systems Architecture},
  volume={131},
  pages={102690},
  year={2022},
  publisher={Elsevier}
}

@article{krizhevsky2009learning,
  title={Learning multiple layers of features from tiny images},
  author={Krizhevsky, Alex and Hinton, Geoffrey and others},
  year={2009},
  publisher={Toronto, ON, Canada}
}

@article{singla2021improved,
  title={Improved deterministic l2 robustness on CIFAR-10 and CIFAR-100},
  author={Singla, Sahil and Singla, Surbhi and Feizi, Soheil},
  journal={arXiv preprint arXiv:2108.04062},
  year={2021}
}

@article{nader2020adaptive,
  title={Adaptive federated dropout: Improving communication efficiency and generalization for federated learning},
  author={Nader, Bouacida and Jiahui, Hou and Hui, Zang and Xin, Liu},
  journal={arXiv preprint arXiv:2011.04050},
  year={2020}
}

@article{mao2022communication,
  title={Communication-efficient federated learning with adaptive quantization},
  author={Mao, Yuzhu and Zhao, Zihao and Yan, Guangfeng and Liu, Yang and Lan, Tian and Song, Linqi and Ding, Wenbo},
  journal={ACM Transactions on Intelligent Systems and Technology (TIST)},
  volume={13},
  number={4},
  pages={1--26},
  year={2022},
  publisher={ACM New York, NY}
}

@article{lim2021decentralized,
  title={Decentralized edge intelligence: A dynamic resource allocation framework for hierarchical federated learning},
  author={Lim, Wei Yang Bryan and Ng, Jer Shyuan and Xiong, Zehui and Jin, Jiangming and Zhang, Yang and Niyato, Dusit and Leung, Cyril and Miao, Chunyan},
  journal={IEEE Transactions on Parallel and Distributed Systems},
  volume={33},
  number={3},
  pages={536--550},
  year={2021},
  publisher={IEEE}
}

@article{gal2016theoretically,
  title={A theoretically grounded application of dropout in recurrent neural networks},
  author={Gal, Yarin and Ghahramani, Zoubin},
  journal={Advances in neural information processing systems},
  volume={29},
  year={2016}
}

@inproceedings{xue2023fedbiad,
  title={FedBIAD: Communication-Efficient and Accuracy-Guaranteed Federated Learning with Bayesian Inference-Based Adaptive Dropout},
  author={Xue, Jingjing and Liu, Min and Sun, Sheng and Wang, Yuwei and Jiang, Hui and Jiang, Xuefeng},
  booktitle={2023 IEEE International Parallel and Distributed Processing Symposium (IPDPS)},
  pages={489--500},
  year={2023},
  organization={IEEE}
}

@article{feng2023feddd,
  title={FedDD: Toward Communication-efficient Federated Learning with Differential Parameter Dropout},
  author={Feng, Zhiying and Chen, Xu and Wu, Qiong and Wu, Wen and Zhang, Xiaoxi and Huang, Qianyi},
  journal={IEEE Transactions on Mobile Computing},
  year={2023},
  publisher={IEEE}
}

@article{horvath2021fjord,
  title={Fjord: Fair and accurate federated learning under heterogeneous targets with ordered dropout},
  author={Horvath, Samuel and Laskaridis, Stefanos and Almeida, Mario and Leontiadis, Ilias and Venieris, Stylianos and Lane, Nicholas},
  journal={Advances in Neural Information Processing Systems},
  volume={34},
  pages={12876--12889},
  year={2021}
}

@article{shao2022dres,
  title={Dres-fl: Dropout-resilient secure federated learning for non-iid clients via secret data sharing},
  author={Shao, Jiawei and Sun, Yuchang and Li, Songze and Zhang, Jun},
  journal={Advances in Neural Information Processing Systems},
  volume={35},
  pages={10533--10545},
  year={2022}
}

@article{wang2024fluid,
  title={FLuID: Mitigating Stragglers in Federated Learning using Invariant Dropout},
  author={Wang, Irene and Nair, Prashant and Mahajan, Divya},
  journal={Advances in Neural Information Processing Systems},
  volume={36},
  year={2024}
}

@article{zhang2022homomorphic,
  title={Homomorphic encryption-based privacy-preserving federated learning in iot-enabled healthcare system},
  author={Zhang, Li and Xu, Jianbo and Vijayakumar, Pandi and Sharma, Pradip Kumar and Ghosh, Uttam},
  journal={IEEE Transactions on Network Science and Engineering},
  year={2022},
  publisher={IEEE}
}

@article{jia2022x,
  title={X-secure T-private federated submodel learning with elastic dropout resilience},
  author={Jia, Zhuqing and Jafar, Syed Ali},
  journal={IEEE Transactions on Information theory},
  volume={68},
  number={8},
  pages={5418--5439},
  year={2022},
  publisher={IEEE}
}

@article{jeon2024federated,
  title={Federated Learning via Meta-Variational Dropout},
  author={Jeon, Insu and Hong, Minui and Yun, Junhyeog and Kim, Gunhee},
  journal={Advances in Neural Information Processing Systems},
  volume={36},
  year={2024}
}

@article{niu2024fedspu,
  title={FedSPU: Personalized Federated Learning for Resource-constrained Devices with Stochastic Parameter Update},
  author={Niu, Ziru and Dong, Hai and Qin, AK},
  journal={arXiv preprint arXiv:2403.11464},
  year={2024}
}